<?xml version="1.0" encoding="UTF-8"?><collection xmlns="http://www.loc.gov/MARC21/slim"><record><leader>00442nam--2200145-i-4500</leader><controlfield tag="001">000022159</controlfield><controlfield tag="002">20161230</controlfield><controlfield tag="005">20170116000637</controlfield><controlfield tag="008">060222s1000------------r-----000-0-eng-d</controlfield><datafield ind1=" " ind2=" " tag="100"><subfield code="a">Hillebrand, W.F.S.A</subfield></datafield><datafield ind1=" " ind2=" " tag="245"><subfield code="a">Applied inorganic analysis with special reference to the analysis of metals, minerals and rocks</subfield></datafield><datafield ind1=" " ind2=" " tag="260"><subfield code="a">New York</subfield><subfield code="b">John Wiley &amp; Sons, Inc</subfield><subfield code="c">1959</subfield></datafield><datafield ind1=" " ind2=" " tag="300"><subfield code="a">XXII + 1034 p</subfield></datafield><datafield ind1=" " ind2=" " tag="852"><subfield code="a">18474</subfield></datafield><datafield ind1=" " ind2=" " tag="CAT"><subfield code="a">SYS</subfield><subfield code="c">20170116</subfield><subfield code="h">000637</subfield></datafield></record></collection>